@misc{uwaRef,
	author = "Example Reference,
	year = 2013,
	month = Aug,
	title = "Harvard Citation Style",
	howpublished = "\url{http://guides.is.uwa.edu.au/harvard}",
	note = "UWA Reference guide"
}

@misc{mctx3420_wiki,
	author = "Justin Kruger and Sam Moore and Jeremy Tan",
	year = 2013,
	title = "MCTX3420 Project Wiki",
	howpublished = "\url{https://github.com/szmoore/MCTX3420/wiki}"
}

@misc{github_fork,
	author = "GitHub",
	year = 2013,
	title = "Fork a Repo"
	howpublished = "\url{https://help.github.com/articles/fork-a-repo}"
}

@misc{mellon,
	author = "Carnegie Mellon University",
	title = "C Coding Standards",
	howpublished = "\url{http://users.ece.cmu.edu/~eno/coding/CCodingStandard.html}"
}

@misc{ohloh,
	author = "Ohloh",
	year = 2013,
	title = "MCTX3420 Project Summary",
	howpublished = "\url{http://www.ohloh.net/p/MCTX3420}"
}

@misc{kruger_safety,
	author = "Justin Kruger",
	title = "Safety Systems - General Outline",
	year = 2013,
	month = "August"
	howpublished = "\url{https://github.com/szmoore/MCTX3420/blob/master/notes/Safety\%20Systems\%20-\%20general\%20outline.docx}
}

@misc{UserCake,
	author = "Tyson et. al"
	year = 2012
	title = "UserCake: The fully open source user management script",
	howpublished = "\url{http://usercake.com}"
}

@misc{github,
	author = "Sam Moore and Jeremy Tan and Justin Kruger and Callum Schofield and James Rosher and Rowan Heinrich",
	year = 2013,
	title = "MCTX3420 2013 Git Repository at GitHub",
	howpublished = "\url{https://github.com/szmoore/MCTX3420}"
}
@misc{gitucc,
	author = "Sam Moore and Jeremy Tan and Justin Kruger and Callum Schofield and James Rosher and Rowan Heinrich",
	year = 2013,
	title = "MCTX3420 Git Repository at UCC",
	howpublished = "\url{http://git.ucc.asn.au/?p=matches/MCTX3420.git}"
}

	
